<?xml version="1.0" encoding="UTF-8"?><record xmlns="http://www.loc.gov/MARC21/slim" xmlns:cinclude="http://apache.org/cocoon/include/1.0" xmlns:zs="http://www.loc.gov/zing/srw/">
  <leader>00463cz  a2200121n  4500</leader>
  <controlfield tag="001">n  85370058 </controlfield>
  <controlfield tag="003">DLC</controlfield>
  <controlfield tag="005">20141209084527.0</controlfield>
  <controlfield tag="008">851226n| azannaab           |n aaa      </controlfield>
  <datafield tag="010" ind1=" " ind2=" ">
    <subfield code="a">n  85370058 </subfield>
  </datafield>
  <datafield tag="040" ind1=" " ind2=" ">
    <subfield code="a">DLC</subfield>
    <subfield code="b">eng</subfield>
    <subfield code="e">rda</subfield>
    <subfield code="c">DLC</subfield>
    <subfield code="d">DLC</subfield>
  </datafield>
  <datafield tag="100" ind1="1" ind2=" ">
    <subfield code="a">Ibn Bashkuwāl, Khalaf ibn ʻAbd al-Malik,</subfield>
    <subfield code="d">1101-1183.</subfield>
    <subfield code="t">Ṣilah</subfield>
  </datafield>
  <datafield tag="670" ind1=" " ind2=" ">
    <subfield code="a">Ibn ʻAbd al-Malik al-Marrākushī, M.b.M al-Sifr al-thāmin min kitāb al-Dhayl wa-al-takmilah li-kitābay al-Mawṣūl wa-al-Ṣilah, 1984.</subfield>
  </datafield>
</record>